<?xml version="1.0" encoding="UTF-8"?><collection xmlns="http://www.loc.gov/MARC21/slim"><record><leader>00551nam--2200181-u-4500</leader><controlfield tag="001">000056676</controlfield><controlfield tag="002">20161230</controlfield><controlfield tag="005">20161230201052</controlfield><controlfield tag="008">160411s1000------------r-----000-0-rum-d</controlfield><datafield ind1=" " ind2=" " tag="040"><subfield code="a">IFIN-HH</subfield></datafield><datafield ind1=" " ind2=" " tag="041"><subfield code="a">rum</subfield></datafield><datafield ind1=" " ind2=" " tag="080"><subfield code="a">53</subfield></datafield><datafield ind1="1" ind2=" " tag="110"><subfield code="a">Cercul de studii AGIR</subfield></datafield><datafield ind1="1" ind2="0" tag="245"><subfield code="a">Problemele fizicei moderne si energia nucleara</subfield><subfield code="b">Articole semnate de: Radu Titeica, Sabba Stefanescu, Serban Titeica, Theodor Ionescu, Horia Hulubei etc</subfield></datafield><datafield ind1=" " ind2=" " tag="260"><subfield code="a">Sibiu</subfield><subfield code="b">Editura AGIR</subfield><subfield code="c">/Fara an</subfield></datafield><datafield ind1=" " ind2=" " tag="300"><subfield code="a">483p</subfield></datafield><datafield ind1=" " ind2=" " tag="852"><subfield code="a">6513</subfield><subfield code="c">530.1</subfield></datafield><datafield ind1=" " ind2=" " tag="CAT"><subfield code="a">Sys</subfield><subfield code="c">20160411</subfield><subfield code="h">135840</subfield></datafield></record></collection>